<?xml version="1.0" encoding="UTF-8"?><collection xmlns="http://www.loc.gov/MARC21/slim"><record><leader>00350nam--2200133-i-4500</leader><controlfield tag="001">000036522</controlfield><controlfield tag="002">20161230</controlfield><controlfield tag="005">20161230201040</controlfield><controlfield tag="008">060222s1000------------r-----000-0-eng-d</controlfield><datafield ind1=" " ind2=" " tag="100"><subfield code="a">Pollock,N.C</subfield></datafield><datafield ind1=" " ind2=" " tag="245"><subfield code="a">Payrol and production applications</subfield></datafield><datafield ind1=" " ind2=" " tag="260"><subfield code="a">London, Pitman Press, 1958</subfield></datafield><datafield ind1=" " ind2=" " tag="490"><subfield code="a">The Busunedd Computer Symposium, Olympia</subfield></datafield><datafield ind1=" " ind2=" " tag="852"><subfield code="a">14684</subfield></datafield></record></collection>